@misc{usb_dongle,
author = "osmocomSDR",
title = "DVB-T USB Dongle",
note = "\url{http://sdr.osmocom.org/trac/wiki/rtl-sdr}",
}

@misc{hackrf,
author = "Great Scott Gadgets",
title = "HackRF one",
note = "\url{https://greatscottgadgets.com/hackrf/}",
}

@misc{usrp,
author = "Ettus Research",
title = "usrp software radio",
note = "\url{http://www.ettus.com/}",
}

@misc{gnu_radio,
author = "GNURadio",
note = "\url{http://gnuradio.org/redmine/projects/gnuradio/wiki}",
}

@misc{sdr_sharp,
author = "SDR\#",
note = "\url{http://sdrsharp.com/}",
}

@misc{lt1086,
author = "Linear Technology",
note = "\url{http://www.linear.com/product/LT1086}",
}

@techreport{fmc,
author = "Raj Seelam",
title = "I/O Design Flexibility with the FPGA Mezzanine Card (FMC)",
number = "WP315",
institution = "Xilinx",
month = "august",
year = "2009",
url = "\url{http://www.xilinx.com/support/documentation/white_papers/wp315.pdf}",
}

@misc{golledge,
author = "Golledge",
note = "\url{http://www.golledge.com/}",
}

@misc{genesys,
author = "Genesys",
note = "\url{http://www.genesys.com/}",
}

@misc{ad9235,
author = "{Analog Devices}",
note = "\url{http://www.analog.com/static/imported-files/data_sheets/AD9235.pdf}",
}

@misc{bbb,
author = "Beagle Bone Black",
note = "\url{http://beagleboard.org/BLACK}",
}

@online{radio_astronomy,
author = "Australia Telescope National Facility",
title = "What is Radio Astronomy?",
year = "2011",
url = "http://www.atnf.csiro.au/outreach/education/everyone/radio-astronomy/index.html",
urldate = "2014-12-22",
}

@online{fpga_defn,
author = "Xilinx",
title = "Field Programmable Gate Array (FPGA)",
year = "2014",
url = "http://www.xilinx.com/training/fpga/fpga-field-programmable-gate-array.htm",
urldate = "2014-12-22",
}

@online{dsp_defn,
author = "{Analog Devices}",
title = "A beginner's guide to digital signal processing",
url = "http://www.analog.com/en/content/beginners_guide_to_dsp/fca.html",
urldate = "2014-12-22",
}

@online{ana_why,
author = "{Prof. Gabriel A. Rincon-Mora}",
title = "Analog Integrated Circuit Design - Why?",
url = "http://users.ece.gatech.edu/~rincon/classes/ana_why.pdf",
urldate = "2014-12-22",
}

@online{gsps_adc,
author = "{Texus Instruments}",
title = "RF-Sampling and GSPS ADCs",
year = "2012",
url = "http://www.ti.com/lit/sg/snwt001/snwt001.pdf",
urldate = "2014-12-22",
institution = "Texus Instruments",
}

@online{why_oversample,
author = "{Texus Instruments}",
title = "Why Oversample when Undersampling can do the Job?",
year = "2013",
url = "http://www.ti.com/lit/an/slaa594a/slaa594a.pdf",
urldate = "2014-12-22",
institution = "Texus Instruments",
}

@techreport{oversample_extra_bits,
author = "{Silicon Labs}",
title = "Improving ADC Resolution By Oversampling and Averaging",
number = "AN118",
institution = "Silicon Labs",
year = "2013",
url = "https://www.silabs.com/Support\%20Documents/TechnicalDocs/an118.pdf",
}

@online{multirate1,
author = "{Professor Hannu T. Toivonen}",
title = "Multirate Digital Signal Processing",
institution = "Abo Akademi University",
url = "http://users.abo.fi/htoivone/courses/sbappl/asp_chapter2.pdf",
urldate = "2014-12-24",
}

@online{multirate2,
author = "Patrick A. Naylor",
title = "Multirate Signal Processing",
institution = "Imperial College London",
url = "http://www.ee.ic.ac.uk/naylor/notes/dsp5.pdf",
urldate = "2014-12-24",
}

@online{iq_sampling,
author = "Richard Lyons",
title = "Quadrature Signals: Complex but not Complicated",
year = "2008",
institution = "IEEE Long Island Section",
url = "http://www.ieee.li/pdf/essay/quadrature_signals.pdf",
urldate = "2014-12-25",
}

@online{ngspice,
author = "{Ngspice}",
url = "http://ngspice.sourceforge.net/",
}

@online{kicad,
author = "{KiCad}",
url = "http://www.kicad-pcb.org/display/KICAD/KiCad+EDA+Software+Suite",
}